@article{remaui,
  title={Reverse Engineering Mobile Application User Interfaces With REMAUI},
  author={Nguyen, Tuan Anh and Csallner, Christoph}
}

@inproceedings{guisurfer,
  title={The GUISurfer tool: towards a language independent approach to reverse engineering GUI code},
  author={Silva, Jo{\~a}o Carlos and Silva, Carlos and Gon{\c{c}}alo, Rui D and Saraiva, Jo{\~a}o and Campos, Jos{\'e} Creissac},
  booktitle={Proceedings of the 2nd ACM SIGCHI symposium on Engineering interactive computing systems},
  pages={181--186},
  year={2010},
  organization={ACM}
}

@inproceedings{accessibility,
  title={Associating the visual representation of user interfaces with their internal structures and metadata},
  author={Chang, Tsung-Hsiang and Yeh, Tom and Miller, Rob},
  booktitle={Proceedings of the 24th annual ACM symposium on User interface software and technology},
  pages={245--256},
  year={2011},
  organization={ACM}
}

@article{exemplar,
  title={Exemplar: A source code search engine for finding highly relevant applications},
  author={McMillan, Collin and Grechanik, Mark and Poshyvanyk, Denys and Fu, Chen and Xie, Qing},
  journal={Software Engineering, IEEE Transactions on},
  volume={38},
  number={5},
  pages={1069--1087},
  year={2012},
  publisher={IEEE}
}

@inproceedings{portfolio,
  title={Portfolio: a search engine for finding functions and their usages},
  author={McMillan, Collin and Grechanik, Mark and Poshyvanyk, Denys and Xie, Qing and Fu, Chen},
  booktitle={Proceedings of the 33rd International Conference on Software Engineering},
  pages={1043--1045},
  year={2011},
  organization={ACM}
}

@inproceedings{clan,
  title={Detecting similar software applications},
  author={McMillan, Collin and Grechanik, Mark and Poshyvanyk, Denys},
  booktitle={Software Engineering (ICSE), 2012 34th International Conference on},
  pages={364--374},
  year={2012},
  organization={IEEE}
}

@inproceedings{recommendingSourceCode,
  title={Recommending source code for use in rapid software prototypes},
  author={McMillan, Collin and Hariri, Negar and Poshyvanyk, Denys and Cleland-Huang, Jane and Mobasher, Bamshad},
  booktitle={Proceedings of the 34th International Conference on Software Engineering},
  pages={848--858},
  year={2012},
  organization={IEEE Press}
}

@inproceedings{staticAndDynamic,
  title={Combining static and dynamic analysis for the reverse engineering of web applications},
  author={Silva, Carlos E and Campos, Jos{\'e} C},
  booktitle={Proceedings of the 5th ACM SIGCHI symposium on Engineering interactive computing systems},
  pages={107--112},
  year={2013},
  organization={ACM}
}

@inproceedings{genericLibrary,
  title={A generic library for GUI reasoning and testing},
  author={Silva, Jo{\~a}o Carlos and Saraiva, Jo{\~a}o and Campos, Jos{\'e} Creissac},
  booktitle={Proceedings of the 2009 ACM symposium on Applied Computing},
  pages={121--128},
  year={2009},
  organization={ACM}
}

@inproceedings{legacy,
  title={Model-driven reverse engineering of legacy graphical user interfaces},
  author={S{\'a}nchez Ram{\'o}n, {\'O}scar and S{\'a}nchez Cuadrado, Jes{\'u}s and Garc{\'\i}a Molina, Jes{\'u}s},
  booktitle={Proceedings of the IEEE/ACM international conference on Automated software engineering},
  pages={147--150},
  year={2010},
  organization={ACM}
}

@inproceedings{guiTesting,
  title={GUI testing using computer vision},
  author={Chang, Tsung-Hsiang and Yeh, Tom and Miller, Robert C},
  booktitle={Proceedings of the SIGCHI Conference on Human Factors in Computing Systems},
  pages={1535--1544},
  year={2010},
  organization={ACM}
}

@inproceedings{icrawler,
  title={Reverse engineering iOS mobile applications},
  author={Joorabchi, Mona Erfani and Mesbah, Ali},
  booktitle={Reverse Engineering (WCRE), 2012 19th Working Conference on},
  pages={177--186},
  year={2012},
  organization={IEEE}
}

@article{portfolioMillions,
  title={Portfolio: Searching for relevant functions and their usages in millions of lines of code},
  author={Mcmillan, Collin and Poshyvanyk, Denys and Grechanik, Mark and Xie, Qing and Fu, Chen},
  journal={ACM Transactions on Software Engineering and Methodology (TOSEM)},
  volume={22},
  number={4},
  pages={37},
  year={2013},
  publisher={ACM}
}

@inproceedings{mobidev,
 author = {Seifert, Julian and Pfleging, Bastian and del Carmen Valderrama Baham\'{o}ndez, Elba and Hermes, Martin and Rukzio, Enrico and Schmidt, Albrecht},
 title = {Mobidev: A Tool for Creating Apps on Mobile Phones},
 booktitle = {Proceedings of the 13th International Conference on Human Computer Interaction with Mobile Devices and Services},
 series = {MobileHCI '11},
 year = {2011},
 isbn = {978-1-4503-0541-9},
 location = {Stockholm, Sweden},
 pages = {109--112},
 numpages = {4},
 url = {http://doi.acm.org/10.1145/2037373.2037392},
 doi = {10.1145/2037373.2037392},
 acmid = {2037392},
 publisher = {ACM},
 address = {New York, NY, USA},
 keywords = {application development, code generation, mobile phones, visual programming},
}

@inproceedings{sketchit,
    author = {Anabela Caetano and Neri Goulart and Manuel Fonseca and Joaquim Jorge},
    title = {JavaSketchIt: Issues in Sketching the Look of User Interfaces},
    booktitle = {AAAI Spring Symposium on Sketch Understanding},
    year = {2002},
    pages = {9--14},
    publisher = {AAAI Press, Menlo Park}
}
