@article{remaui,
  title={Reverse Engineering Mobile Application User Interfaces With REMAUI},
  author={Nguyen, Tuan Anh and Csallner, Christoph}
}

@inproceedings{mobidev,
 author = {Seifert, Julian and Pfleging, Bastian and del Carmen Valderrama Baham\'{o}ndez, Elba and Hermes, Martin and Rukzio, Enrico and Schmidt, Albrecht},
 title = {Mobidev: A Tool for Creating Apps on Mobile Phones},
 booktitle = {Proceedings of the 13th International Conference on Human Computer Interaction with Mobile Devices and Services},
 series = {MobileHCI '11},
 year = {2011},
 isbn = {978-1-4503-0541-9},
 location = {Stockholm, Sweden},
 pages = {109--112},
 numpages = {4},
 url = {http://doi.acm.org/10.1145/2037373.2037392},
 doi = {10.1145/2037373.2037392},
 acmid = {2037392},
 publisher = {ACM},
 address = {New York, NY, USA},
 keywords = {application development, code generation, mobile phones, visual programming},
}

@inproceedings{sketchit,
    author = {Anabela Caetano and Neri Goulart and Manuel Fonseca and Joaquim Jorge},
    title = {JavaSketchIt: Issues in Sketching the Look of User Interfaces},
    booktitle = {AAAI Spring Symposium on Sketch Understanding},
    year = {2002},
    pages = {9--14},
    publisher = {AAAI Press, Menlo Park}
}

@inproceedings{clan,
  title={Detecting similar software applications},
  author={McMillan, Collin and Grechanik, Mark and Poshyvanyk, Denys},
  booktitle={Software Engineering (ICSE), 2012 34th International Conference on},
  pages={364--374},
  year={2012},
  organization={IEEE}
}
